@misc{bib:datatool,
 author               = {Talbot, {Nicola L.C.}},
 note                 = {\href{http://mirrors.ctan.org/macros/latex/contrib/datatool/datatool-user.pdf}{http://mirrors.ctan.org/macros/latex/contrib/datatool/datatool-user.pdf}},
 title                = {{User Manual for datatool bundle version 2.22}},
 year                 = {2014},
 }

@misc{bib:siunitx,
 author               = {Wright, Joseph},
 note                 = {\href{http://mirrors.ctan.org/macros/latex/contrib/siunitx/siunitx.pdf}{http://mirrors.ctan.org/macros/latex/contrib/siunitx/siunitx.pdf}},
 title                = {{siunitx -- A comprehensive (SI) units package}},
 year                 = {2014},
 }

@misc{bib:sepa,
 author               = {{wikipedia.org}},
 note                 = {\href{https://en.wikipedia.org/wiki/Single_Euro_Payments_Area}{https://en.wikipedia.org/wiki/Single\_Euro\_Payments\_Area}},
 title                = {{Single Euro Payments Area}},
 year                 = {2014},
 }

@misc{bib:bic,
 author               = {{wikipedia.org}},
 note                 = {\href{https://en.wikipedia.org/wiki/ISO_9362}{https://en.wikipedia.org/wiki/ISO\_9362}},
 title                = {{ISO 9362}},
 year                 = {2014},
 }

@misc{bib:iban,
 author               = {{wikipedia.org}},
 note                 = {\href{https://en.wikipedia.org/wiki/International_Bank_Account_Number}{https://en.wikipedia.org/wiki/International\_Bank\_Account\_Number}},
 title                = {{International Bank Account Number}},
 year                 = {2014},
 }

@misc{bib:lang,
 author               = {{Josef Kleber}},
 note                 = {\href{http://bankstatement.jklatex.de/en/2015/11/howto-support-other-languages/}{http://bankstatement.jklatex.de/en/2015/11/howto-support-other-languages/}},
 title                = {{HowTo support other languages}},
 year                 = {2015},
 }

@misc{bib:csv,
 author               = {{Josef Kleber}},
 note                 = {\href{http://bankstatement.jklatex.de/en/2015/11/howto-support-arbitrary-csv-formats-2/}{http://bankstatement.jklatex.de/en/2015/11/howto-support-arbitrary-csv-formats-2/}},
 title                = {{HowTo support arbitrary CSV formats}},
 year                 = {2015},
 }

